

@misc{Hilborn:2002wj,
    title={Einstein coefficients, cross sections, f values, dipole moments, and all that},
    author={Robert C. Hilborn},
    year={2002},
    eprint={physics/0202029},
    archivePrefix={arXiv}
    }

@article{Hens:2008kr,
author = {Hens, Z.},
title = {{Can the oscillator strength of the quantum dot bandgap transition exceed unity?}},
journal = {Chemical Physics Letters},
year = {2008},
volume = {463},
number = {4-6},
pages = {391--395},
doi = {10.1016/j.cplett.2008.08.089}
}


@Book{Parson,
author = {William W. Parson},
title = {Modern optical spectroscopy},
publisher = {Springer},
year = {2015},
doi = {10.1007/978-3-662-46777-0}
}

@book{SalehTeich1991,
isbn={0471839655},
author={Saleh, Bahaa E. A. and Teich, Malvin C.},
title={Fundamentals of photonics},
address={New York, NY [u.a.]},
publisher={Wiley},
year={1991},
doi = {10.1002/0471213748}
}



@Book{Fox,
author = {Mark Fox},
title = {Quantum optics},
publisher = {Oxford University Press},
year = {2007},
}

@Book{Haken_wolf_II,
author = { H. Haken and H.C. Wolf},
title = {Molecular Physics and Elements of Quantum Chemistry},
publisher = {Springer},
year = {2004}
}


@Book{bransden_joachain,
author = { B. H. Bransden and C. J. Joachain},
title = {Physics of atoms and molecules},
publisher = {Longman},
year = {1996}
}


@Book{Loudon,
author = { Rodney Loudon},
title = {The quantum theory of light},
publisher = {Oxford University Press},
year = {2001}
}

@Book{CT,
author = { Claude Cohen-Tannoudji and Bernard Diu and Franck Laloë },
title = {Quantum Mechanics},
publisher = {Wiley},
year = {1977}
}

@article{Strickler_Berg,
author = {Strickler, S J and Berg, Robert A},
title = {{Relationship between Absorption Intensity and Fluorescence Lifetime of Molecules}},
journal = {The Journal of Chemical Physics},
year = {1962},
volume = {37},
number = {4},
pages = {814},
doi = {10.1063/1.1733166}
}

@book{Kuzmany,
author={Kuzmany, Hans},
title={Solid-state spectroscopy},
subtitle={An introduction},
edition={Second edition},
address={Heidelberg},
publisher={Springer},
year={2009},
}

@article{Newton:1976cz,
author = {Newton, Roger G},
title = {{Optical theorem and beyond}},
journal = {American Journal of Physics},
year = {1976},
volume = {44},
number = {7},
pages = {639},
doi = {10.1119/1.10324},
}



@book{BH-book,
publisher = {John Wiley \& Sons, Ltd},
isbn = {9783527618156},
booktitle = {Absorption and Scattering of Light by Small Particles},
year = {2007},
author = {Craig F. Bohren and Donald R. Huffman},
doi = {10.1002/9783527618156}
}

@book{Nolting-ED,
author = {Nolting, Wolfgang},
title = {{Theoretical Physics 3 Electrodynamics}},
publisher = {Springer},
year = {2016},
isbn = {9783319401676},
doi = {10.1007/978-3-319-40168-3}
}

@book{Jackson-ED,
isbn={9780471427643},
author={Jackson, John David},
title={Classical electrodynamics},
edition={3. ed.},
address={New York [u.a.]},
publisher={Wiley},
year={1999}
}

@book{KV-book,
isbn={3540578366},
author={Kreibig, Uwe and Vollmer, Michael},
title={Optical properties of metal clusters},
address={Berlin u.a.},
publisher={Springer},
year={1995}
}

@book{Novotny-Hecht2012,
isbn={9781107005464},
author={Novotny, Lukas and Bert Hecht},
title={Principles of nano-optics},
edition={2. ed.},
publisher={Cambridge Univ. Press},
year={2012},
doi = {10.1017/CBO9780511794193}
}



@article{Hou:2017jm,
author = {Hou, Lei and Adhikari, Subhasis and Tian, Yuxi and Scheblykin, Ivan G and Orrit, Michel},
title = {{Absorption and Quantum Yield of Single Conjugated Polymer Poly[2-methoxy-5-(2-ethylhexyloxy)-1,4-phenylenevinylene] (MEH-PPV) Molecules}},
journal = {Nano Letters},
year = {2017},
doi = {10.1021/acs.nanolett.6b04726}
}

@article{Jasieniak:2009er,
author = {Jasieniak, Jacek and Smith, Lisa and Embden, Joel van and Mulvaney, Paul and Califano, Marco},
title = {{Re-examination of the Size-Dependent Absorption Properties of CdSe Quantum Dots}},
journal = {The Journal of Physical Chemistry C},
year = {2009},
volume = {113},
number = {45},
pages = {19468--19474},
doi = {10.1021/jp906827m}
}

@article{Kastrup:2004p1737,
author = {Kastrup, Lars and Hell, Stefan W},
title = {{Absolute Optical Cross Section of Individual Fluorescent Molecules}},
journal = {Angewandte Chemie International Edition},
year = {2004},
volume = {43},
number = {48},
pages = {6646--6649},
doi = {10.1002/anie.200461337},
}

@article{Borri:2002p139,
author = {Borri, Paola and Langbein, W and Schneider, S and Woggon, U and Sellin, RL and Ouyang, D and Bimberg, D},
title = {{Rabi oscillations in the excitonic ground-state transition of InGaAs quantum dots}},
journal = {Physical Review B},
year = {2002},
volume = {66},
number = {8},
pages = {81306},
doi = {10.1103/PhysRevB.66.081306}
}


@inproceedings{knoester-book,
title = "Optical properties of molecular aggregates",
author = "J. Knoester",
year = "2002",
pages = "149 -- 186",
booktitle = "Proceedings of the International School of Physics 'Enrico Fermi' ",
series ="Volume 149: Organic Nanostructures: Science and Applications",
publisher = "IOS Press",
doi = {10.3254/978-1-61499-005-5-149}
}

@book{Rand2016,
isbn={9780191817830},
author={Rand, Stephen C.},
title={Lectures on light},
subtitle={nonlinear and quantum optics using the density matrix},
edition={Second edition},
publisher={Oxford University Press},
year={2016},
doi={10.1093/acprof:oso/9780198757450.001.0001},
}



@Book{Hamm-dummies,
author = {Peter Hamm},
title = {Principles of Nonlinear Optical Spectroscopy: A Practical Approach or: Mukamel for Dummies},
year = {2005},
url = {www.mitr.p.lodz.pl/evu/lectures/Hamm.pdf}
}

@book{HammZanni2011,
isbn={9781107000056},
author={Hamm, Peter and Zanni, Martin T.},
title={Concepts and methods of 2D infrared spectroscopy},
publisher={Cambridge University Press},
year={2011},
}


@book{Mukamel1995,
isbn={0195092783},
isbn={9780195132915},
author={Mukamel, Shaul},
title={Principles of nonlinear optical spectroscopy},
publisher={Oxford University Press},
year={1995},
}


@book{MilonniEberly1988,
isbn={0471627313},
isbn={9780471627319},
author={Milonni, Peter W. and Eberly, Joesph H.},
title={Lasers},
address={New York [u.a.]},
publisher={Wiley},
year={1988},
}


@book{CT-atom-photon,
isbn={9783527617197},
author={Cohen-Tannoudji, Claude and Jacques Dupont-Roc and Gilbert Grynberg},
title={Atom photon interactions},
address={Weinheim},
publisher={Wiley-VCH},
year={2004},
doi = { 10.1002/978-3-527-61719-7},
}

@book{Meschede-OLL,
isbn={9783527685486},
author={Meschede, Dieter},
title={Optics, light, and lasers},
address={Weinheim, Germany},
publisher={Wiley-VCH},
year={2017},
doi = { 10.1002/9783527685486}
}

@article{Wolpert:2012hs,
author = {Wolpert, Christian and Dicken, Christian and Atkinson, Paola and Wang, Lijuan and Rastelli, Armando and Schmidt, Oliver G and Giessen, Harald and Lippitz, Markus},
title = {{Transient Reflection: A Versatile Technique for Ultrafast Spectroscopy of a Single Quantum Dot in Complex Environments}},
journal = {Nano Letters},
year = {2012},
volume = {12},
number = {1},
pages = {453--457},
doi = {10.1021/nl203804n},
}

@book{GerryKnight2005,
isbn={9780521527354},
author={Gerry, Christopher C. and Knight, Peter L.},
title={Introductory quantum optics},
publisher={Cambridge Univ. Press},
year={2005},
doi = {10.1017/CBO9780511791239}
}

@book{HarocheRaimond2006,
isbn={0198509146},
isbn={9780198509141},
author={Haroche, Serge},
title={Exploring the quantum},
subtitle={atoms, cavities and photons},
publisher={Oxford Univ. Press},
year={2006},
doi = {10.1093/acprof:oso/9780198509141.001.0001}
}

@article{Knapp1984,
author = "E.W. Knapp",
title = "Lineshapes of molecular aggregates, exchange narrowing and intersite correlation",
journal = "Chemical Physics",
volume = "85",
number = "1",
pages = "73 - 82",
year = "1984",
doi = "10.1016/S0301-0104(84)85174-5",
}

@book{KoehlerBaessler2015,
author={Köhler, Anna and Bässler, Heinz},
title={Electronic processes in organic semiconductors},
address={Weinheim},
publisher={Wiley-VCH},
year={2015},
doi={10.1002/9783527685172},
}

@book{Lakowicz2010,
author={Lakowicz, Joseph R.},
title={Principles of fluorescence spectroscopy},
address={New York, NY},
publisher={Springer},
year={2010},
doi = {10.1007/978-0-387-46312-4}
}


@Article{Reithmaier04,
author = {Reithmaier, JP and Sek, G and Loffler, A and Hofmann, C and Kuhn, S and Reitzenstein, S and Keldysh, LV and Kulakovskii, VD and Reinecke, TL and Forchel, A}, 
title = {Strong coupling in a single quantum dot-semiconductor microcavity system}, 
journal = {Nature}, 
volume = {432}, 
number = {7014}, 
pages = {197–200}, 
year = {2004}, 
}

@book{Yariv1989,
isbn={0471609978},
isbn={0471617717},
author={Yariv, Amnon},
title={Quantum electronics},
edition={3. ed.},
address={New York},
publisher={Wiley},
year={1989},
}


@book{Demtroeder_laser,
author={Demtröder, Wolfgang},
title={Laser spectroscopy 1},
address={Berlin [u.a.]},
publisher={Springer},
year = {2014},
doi = {10.1007/978-3-642-53859-9}
}


@book{Hopf86,
author={Hopf, Frederic A. and Stegeman, George I.},
title={Applied classical electrodynamics: Nonlinear optics},
address={New York},
publisher={Wiley},
year={1986},
}


@book{Rulliere2005,
title={Femtosecond laser pulses},
subtitle={principles and experiments},
edition={2. ed.},
address={New York, NY},
publisher={Springer},
year={2005},
pages={XVI, 426 S.},
editor={Rullière, Claude},
doi = {10.1007/b137908}
}

@book{DielsRudolph1996,
isbn={0122154924},
author={Diels, Jean-Claude and Rudolph, Wolfgang},
title={Ultrashort laser pulse phenomena},
subtitle={fundamentals, techniques, and applications on a femtosecond time scale},
address={San Diego [u.a.]},
publisher={Academic Press},
year={1996},
doi = {10.1016/B978-0-12-215493-5.X5000-9}
}

@ARTICLE{goeppert31,
  author =       "M. {G\"{o}ppert-Mayer}",
  title =        "{\"{U}ber} {Elementarakte} mit zwei {Quantenspr\"{u}ngen}",
  journal =      "Ann. Phys.",
  year =         "1931",
  volume =       "9",
  number =       "",
  pages =        "273--295",
  doi = {10.1002/andp.19314010303}
}

@ARTICLE{birge86,
  AUTHOR =       "R. R. Birge",
  TITLE =        "Two-Photon Spectroscopy of Protein-Bound Chromophores",
  JOURNAL =      "Acc. Chem. Res.",
  YEAR =         "1986",
  volume =       "19",
  number =       "",
  pages =        "138--146",
  doi = {10.1021/ar00125a003}
}

@ARTICLE{maiman60,
  AUTHOR =       "T. H. Maiman",
  TITLE =        "Stimulated Optical Radiation in Ruby",
  JOURNAL =      "Nature",
  YEAR =         "1960",
  volume =       "187",
  number =       "4736",
  pages =        "493--494",
  doi = {10.1038/187493a0}
}

@ARTICLE{Kaiser61,
  AUTHOR =       "W. Kaiser and C. G. B. Garrett",
  TITLE =        "Two-Photon excitation in CaF$_2$:Eu$^{2+}$",
  JOURNAL =      "Phys. Rev. Lett.",
  YEAR =         "1961",
  volume =       "7",
  number =       "6",
  pages =        "229--231",
  doi = {10.1103/PhysRevLett.7.229}
}


@ARTICLE{denk90,
  author =       "W. Denk and J. H. Strickler and W. W. Webb",
  title =        "Two-Photon Laser Scanning Fluorescence Micrsocopy",
  journal =      "Science",
  year =         "1990",
  volume =       "248",
  number =       "",
  pages =        "73--76",
  doi = {10.1126/science.2321027}
}


@ARTICLE{rehms93,
  author =       "A. Rehms and P. Callis",
  title =        "Two-photon fluorescence excitation spectra of aromatic amino acids",
  journal =      "Chem. Phys. Lett.",
  year =         "1993",
  volume =       "208",
  number =       "",
  pages =        "276--282",
  doi = {10.1016/0009-2614(93)89075-S}
 }

@ARTICLE{xu96mar,
  author = {C. Xu and W. W. Webb},
  year = "1996",
  title = {Measurement of two-photon excitation cross sections of molecular
          fluorophores with data from 690 to 1050 nm},
  journal = {J. Opt. Soc. Am. B},
  volume = 13,
  number = 3,
  pages = {481--491},
  doi = {10.1364/JOSAB.13.000481}
}

@INCOLLECTION{xu97,
    author  = "C. Xu and W. W. Webb",
    title   = "Multiphoton Excitation of Molecular Fluorophores and Nonlinear Laser Microscopy",
    booktitle = "Topics in Fluorescence Spectroscopy, Vol. 5: nonlinear and two-photon induced fluorescence",
    editor = "J. R. Lakowicz",
    year = "1997",
    pages = "471--540",
    publisher ="Plenum Press, New York"
}

@ARTICLE{xu96oct1,
  author = {C. Xu and W. Zipfel and J. B. Shear and R. M. Williams and W. W.
           Webb},
  month = {oct},
  year = 1996,
  title = {Multiphoton fluorescence excitation: New spectral windows for
          biological nonlinear microscopy},
  journal = {Proc. Natl. Acad. Sci. USA},
  volume = 93,
  number = 20,
  pages = {10763--10768},
  doi = {10.1073/pnas.93.20.10763}
}
@ARTICLE{peticolas63,
  AUTHOR =       "W. L. Peticolas and J. P. Goldsborough and K. E. Rieckhoff",
  TITLE =        "Double photon excitation in organic crystals",
  JOURNAL =      "Phys. Rev. Lett.",
  YEAR =         "1963",
  volume =       "10",
  number =       "2",
  pages =        "43--45",
  doi = {10.1103/PhysRevLett.10.43}
}
@ARTICLE{patterson00,
  AUTHOR =       "G. H. Patterson and D. W. Piston",
  TITLE =        "Photobleaching in Two-Photon Excitation Microscopy",
  JOURNAL =      "Biophys. J.",
  YEAR =         "2000",
  volume =       "78",
  number =       "",
  pages =        "2159--2162",
  doi = {10.1016/S0006-3495(00)76762-2}
}

@ARTICLE{albota98,
  AUTHOR =       "M. Albota and D. Beljonne and J.-L. Brédas and others",
  TITLE =        "Design of Organic Molecules with Large Two-Photon Absorption Cross Section",
  JOURNAL =      "Science",
  YEAR =         "1998",
  volume =       "281",
  number =       "",
  pages =        "1653--1656",
  doi = {10.1126/science.281.5383.1653}
}

@ARTICLE{albota98nov1,
  author = {M. A. Albota and C. Xu and W. W. Webb},
  year = 1998,
  title = {Two-photon fluorescence excitation cross sections of biomolecular  probes from 690 to 960 nm},
  journal = {Appl. Opt.},
  volume = 37,
  number = 31,
  pages = {7352--7356},
  doi = {10.1364/AO.37.007352}
}

@BOOK{mystre_quantum_optics,
  AUTHOR =       "Pierre  Meystre and Murray {Sargent III}",
  TITLE =        "Elements of Quantum Optics",
  PUBLISHER =    "Springer",
  YEAR =         "2007",
  edition        = "4.",
  isbn={9783540742098},
isbn={3540742093},
doi = {10.1007/978-3-540-74211-1}
}


@ARTICLE{kierdaszuk95,
  AUTHOR =       "B. Kierdaszuk and I. Gryzynski and A. Modrak-Woijcik and
                  A. Bzowska and D. Shugar and J. R. Lakowicz",
  TITLE =        "Fluorescence of Tyrosine and Tryptophan in proteins using one- and two-photon excitation",
  JOURNAL =      "Photochem. Photobiol.",
  YEAR =         "1995",
  volume =       "61",
  number =       "4",
  pages =        "319--324",
  doi = {10.1111/j.1751-1097.1995.tb08615.x}
}

@Article{Makitalo11_OE,
author = {Mäkitalo, J and Suuriniemi, S and Kauranen, M}, 
title = {Boundary element method for surface nonlinear optics of nanoparticles}, 
journal = {Optics Express}, 
volume = {19}, 
number = {23}, 
pages = {23386}, 
year = {2011}, 
doi = {10.1364/OE.19.023386}
}

@Article{Wang09_prb,
author = {Wang, Fu Xiang and Rodríguez, Francisco J and Albers, Willem M and Ahorinta, Risto and Sipe, J E and Kauranen, Martti}, 
title = {Surface and bulk contributions to the second-order nonlinear optical response of a gold film}, 
journal = {Physical Review B}, 
volume = {80}, 
number = {23}, 
pages = {233402–233404}, 
year = {2009}, 
doi = {10.1103/PhysRevB.80.233402}, 
location = {}, 
keywords = {}}


@Article{klein06_science,
author = {Klein, Matthias W and Enkrich, Christian and Wegener, Martin and Linden, Stefan}, 
title = {Second-harmonic generation from magnetic metamaterials}, 
journal = {Science}, 
volume = {313}, 
number = {5786}, 
pages = {502–504}, 
year = {2006}, 
abstract = {We observe second-harmonic generation from metamaterials composed of split-ring resonators excited at 1.5-micrometer wavelength. Much larger signals are detected when magnetic-dipole resonances are excited, as compared with purely electric-dipole resonances. The experiments are consistent with calculations based on the magnetic component of the Lorentz force exerted on metal electrons—an intrinsic second-harmonic generation mechanism that plays no role in natural materials. This unusual mechanism …}, 
doi = {10.1126/science.1129198},
 }

@book{Boyd2008,
isbn={0123694701},
isbn={9780123694706},
author={Boyd, Robert W.},
title={Nonlinear Optics},
edition={3. ed.},
address={Amsterdam [u.a.]},
publisher={Elsevier, Acad. Press},
year={2008},
}

@article{Miller64,
author = {Miller,Robert C. },
title = {Optical second harmonic generation in piezoelectric crystals },
journal = {Applied Physics Letters},
volume = {5},
number = {1},
pages = {17-19},
year = {1964},
doi = {10.1063/1.1754022},
}

@Article{Obermeier18,
author = {Obermeier, Julian and Schumacher, Thorsten and Lippitz, Markus}, 
title = {Nonlinear spectroscopy of plasmonic nanoparticles}, 
journal = {Advances in Physics: X}, 
volume = {3}, 
number = {1}, 
pages = {1454341}, 
year = {2018}, 
abstract = {Advances in Physics: X, 2018. doi:10.1080/23746149.2018.1454341}, 
doi = {10.1080/23746149.2018.1454341}, 
keywords = {}}

@book{MeystreSargent2007,
isbn={9783540742098},
isbn={3540742093},
author={Meystre, Pierre and Sargent, Murray},
title={Elements of quantum optics},
edition={4. ed.},
address={Berlin [u.a.]},
publisher={Springer},
year={2007},
pages={XII, 507 S.},
doi ={10.1007/978-3-540-74211-1}
}

@Article{Langguth16,
author = {Langguth, Lutz and Fleury, Romain and Alù, Andrea and Koenderink, A Femius}, 
title = {Drexhage’s Experiment for Sound}, 
journal = {Physical Review Letters}, 
volume = {116}, 
number = {22}, 
pages = {224301–224306}, 
year = {2016}, 
abstract = {}, 
location = {}, 
doi = {10.1103/PhysRevLett.116.224301},
keywords = {}}

@article{Drexhage68,
author = {Drexhage, K. H. and Kuhn, H. and Schäfer, F. P.},
title = {Variation of the Fluorescence Decay Time of a Molecule in Front of a Mirror},
journal = {Berichte der Bunsengesellschaft für physikalische Chemie},
volume = {72},
number = {2},
pages = {329-329},
doi = {10.1002/bbpc.19680720261},
url = {https://onlinelibrary.wiley.com/doi/abs/10.1002/bbpc.19680720261},
eprint = {https://onlinelibrary.wiley.com/doi/pdf/10.1002/bbpc.19680720261},
year = {1968}
}

@incollection{Drexhage74,
title = "Interaction of Light with Monomolecular Dye Layers",
editor = "E. Wolf",
series = "Progress in Optics",
publisher = "Elsevier",
volume = "12",
pages = "163 - 232",
year = "1974",
issn = "0079-6638",
doi = "https://doi.org/10.1016/S0079-6638(08)70266-X",
author = "Karl H. Drexhage",
}

@book{Hohenester2020,
isbn={9783030305048},
author={Hohenester, Ulrich},
title={Nano and Quantum Optics},
subtitle={An Introduction to Basic Principles and Theory},
publisher={Springer },
year={2020},
doi={10.1007/978-3-030-30504-8},
}

@Article{Winterhalder11,
author = {Winterhalder, M J and Zumbusch, A and Lippitz, M and Orrit, M}, 
title = {Toward Far-field Vibrational Spectroscopy of Single Molecules at Room Temperature}, 
journal = {The Journal of Physical Chemistry B}, 
volume = {115}, 
number = {18}, 
pages = {5425–5430}, 
year = {2011}, 
doi = {10.1021/jp109652s}, 
location = {}, 
keywords = {}
}

@book{Shen2003,
isbn={0471430803},
author={Shen, Yuen R.},
title={The principles of nonlinear optics},
publisher={Wiley},
year={2003},
}

@Article{Dick1993,
author = {Dick, Bernhard}, 
title = {Response functions and susceptibilities for multiresonant non-linear optical spectroscopy: perturbative computer algebra solution including feeding}, 
journal = {Chemical physics}, 
volume = {171}, 
number = {1-2}, 
pages = {59–78}, 
year = {1993}, 
abstract = {A diagrammatic perturbation theory is presented which permits the calcn. of a mol. non-linear-optical response function for a particular time sequence of light pulses, or a mol. non-linear-optical susceptibility for a particular combination of frequencies of the input light fields. Mol. relaxation is treated in the Markov approxn. The method also accounts for incoherent population transfer between mol. levels as long as a hierarchical level ordering is possible. The diagrams are esp. useful for the selective generation of terms contg. a particular …}, 
doi = {10.1016/0301-0104(93)85131-Q}, 
keywords = {}}



@InCollection{Tokmakoff09,
author = {Tokmakoff, Andrei}, 
title = {10.2 Diagrammatric Perturbation Theory}, 
booktitle = {5.74 Introductory Quantum Mechanics II},
publisher = {MIT OpenCourseWare},
url = {https://ocw.mit.edu/courses/chemistry/5-74-introductory-quantum-mechanics-ii-spring-2009/#}, 
year = {2009}, 
keywords = {}}

@Article{Scholes13,
author = {Brańczyk, Agata M and Turner, Daniel B and Scholes, Gregory D}, 
title = {Crossing disciplines -- A view on two-dimensional optical spectroscopy}, 
journal = {Annalen der Physik}, 
volume = {526}, 
number = {1-2}, 
pages = {31–49}, 
year = {2013}, 
abstract = {}, 
location = {}, 
doi={10.1002/andp.201300153}}


@Article{Ogilvie15,
author = {Fuller, Franklin D and Ogilvie, Jennifer P}, 
title = {Experimental Implementations of Two-Dimensional Fourier Transform Electronic Spectroscopy}, 
journal = {Annual Review of Physical Chemistry}, 
volume = {66}, 
number = {1}, 
pages = {667–690}, 
year = {2015}, 
abstract = {}, 
location = {}, 
doi = {10.1146/annurev-physchem-040513-103623}
}



